@article{yampolskiy2008behavioural,
  title={Behavioural biometrics: a survey and classification},
  author={Yampolskiy, Roman V and Govindaraju, Venu},
  journal={International Journal of Biometrics},
  volume={1},
  number={1},
  pages={81--113},
  year={2008},
  publisher={Inderscience Publishers}
}
@article{lanitis2009survey,
	title={A survey of the effects of aging on biometric identity verification},
	author={Lanitis, Andreas},
	journal={International Journal of Biometrics},
	volume={2},
	number={1},
	pages={34--52},
	year={2009},
	publisher={Inderscience Publishers}
}
@article{banerjee2012biometric,
	title={Biometric authentication and identification using keystroke dynamics: A survey},
	author={Banerjee, Salil P and Woodard, Damon L},
	journal={Journal of Pattern Recognition Research},
	volume={7},
	number={1},
	pages={116--139},
	year={2012},
	publisher={Citeseer}
}
@misc{eisen2017systems,
	title={Systems and methods for user identification using graphical barcode and payment card authentication read data},
	author={Eisen, Ori},
	year={2017},
	month=sep # "~14",
	publisher={Google Patents},
	note={US Patent App. 15/473,026}
}
@article{o2003comparing,
	title={Comparing passwords, tokens, and biometrics for user authentication},
	author={O'Gorman, Lawrence},
	journal={Proceedings of the IEEE},
	volume={91},
	number={12},
	pages={2021--2040},
	year={2003},
	publisher={IEEE}
}
@article{cazier2006secure,
	title={How secure is your password? An analysis of e-commerce passwords and their crack times},
	author={Cazier, Joseph A and Medlin, B Dawn},
	journal={Journal of Information System Security},
	volume={2},
	number={3},
	pages={69--82},
	year={2006}
}
@inproceedings{han2004study,
	title={A study on evaluating the uniqueness of fingerprints using statistical analysis},
	author={Han, Youngchan and Ryu, Choonwoo and Moon, Jihyun and Kim, Hakil and Choi, H},
	booktitle={International Conference on Information Security and Cryptology},
	pages={467--477},
	year={2004},
	organization={Springer}
}
@phdthesis{notoatmodjo2007exploring,
	title={Exploring the'weakest link': A study of personal password security},
	author={Notoatmodjo, Gilbert},
	year={2007},
	school={Citeseer}
}
@article{morris1979password,
	title={Password security: A case history},
	author={Morris, Robert and Thompson, Ken},
	journal={Communications of the ACM},
	volume={22},
	number={11},
	pages={594--597},
	year={1979},
	publisher={ACM}
}

@misc{equifax_cnet, title={Equifax data leak may affect nearly half the US population}, url={https://www.cnet.com/news/equifax-data-leak-hits-nearly-half-of-the-us-population/}, journal={CNET}, publisher={CNET}, author={Ng, Alfred and MUSIL, STEVEN}, year={2017}, month={Sep}}

@article{kessler1996passwords,
  title={Passwordsâ€”strengths and weaknesses},
  author={Kessler, Gary C},
  journal={Dispon{\'\i}vel por www em http://www. hill. com/library/staffpubs/password. html (08 maio 1999)},
  year={1996}
}